<record><leader>00000cas a22000007a 4500</leader><controlfield tag="001">16829031</controlfield><controlfield tag="008">871008d19071909msuwr ne      0    0eng d</controlfield><datafield ind1=" " ind2=" " tag="010"><subfield code="a">sn 88067015 </subfield></datafield><datafield ind1=" " ind2=" " tag="040"><subfield code="a">MFM</subfield><subfield code="b">eng</subfield><subfield code="c">MFM</subfield><subfield code="d">MSJ</subfield><subfield code="d">OCL</subfield><subfield code="d">OCLCQ</subfield></datafield><datafield ind1=" " ind2=" " tag="042"><subfield code="a">msc</subfield></datafield><datafield ind1="0" ind2="0" tag="245"><subfield code="a">Houston advocate.</subfield></datafield><datafield ind1=" " ind2=" " tag="260"><subfield code="a">Houston, Miss. :</subfield><subfield code="b">W.N. Darden</subfield></datafield><datafield ind1=" " ind2=" " tag="310"><subfield code="a">Weekly</subfield></datafield><datafield ind1="1" ind2=" " tag="362"><subfield code="a">Began in 1907; ceased with Aug. 20, 1909 issue.</subfield></datafield><datafield ind1=" " ind2=" " tag="588"><subfield code="a">Description based on: Vol. 4, no. 41 (Oct. 11, 1907).</subfield></datafield><datafield ind1=" " ind2=" " tag="752"><subfield code="a">United States</subfield><subfield code="b">Mississippi</subfield><subfield code="c">Chickasaw</subfield><subfield code="d">Houston.</subfield></datafield><datafield ind1="0" ind2="0" tag="780"><subfield code="t">Houston post (Houston, Miss. : 1904)</subfield><subfield code="w">(OCoLC)16829112</subfield></datafield><datafield ind1="0" ind2="0" tag="785"><subfield code="t">Houston post (Houston, Miss. : 1909)</subfield><subfield code="w">(OCoLC)16829072</subfield></datafield></record>